@online{opus,
  author = {OPUS},
  title = {{OPUS} the open parallel corpus},
  year = 2022,
  url = {https://opus.nlpl.eu/},
  urldate = {2022-10-15}
}

@online{opensubtitles,
  author = {opensubtitles},
  title = {{opensubtitles.org}},
  year = 2022,
  url = {https://www.opensubtitles.org/pt},
  urldate = {2022-10-15}
}

@misc{abonia2020seq2seq,
  title = {Seq2Seq-Chatbot},
  author = {Sojasingarayar, Abonia},
  year = {2020},
  publisher = {GitHub},
  journal = {GitHub repository},
  howpublished = {\url{https://github.com/Abonia1/Seq2Seq-Chatbot}},
  year = {2020}
}

@article{sojasingarayar2020seq2seq,
  title={Seq2seq ai chatbot with attention mechanism},
  author={Sojasingarayar, Abonia},
  journal={arXiv preprint arXiv:2006.02767},
  year={2020}
}

@article{bengio1994learning,
  title={Learning long-term dependencies with gradient descent is difficult},
  author={Bengio, Yoshua and Simard, Patrice and Frasconi, Paolo},
  journal={IEEE transactions on neural networks},
  volume={5},
  number={2},
  pages={157--166},
  year={1994},
  publisher={IEEE}
}

@article{sutskever2014sequence,
  title={Sequence to sequence learning with neural networks},
  author={Sutskever, Ilya and Vinyals, Oriol and Le, Quoc V},
  journal={Advances in neural information processing systems},
  volume={27},
  year={2014}
}

@InProceedings{cornell,
  author={Cristian Danescu-Niculescu-Mizil and Lillian Lee},
  title={Chameleons in imagined conversations:
  A new approach to understanding coordination of linguistic style in dialogs.},
  booktitle={Proceedings of the Workshop on Cognitive Modeling and Computational Linguistics, ACL 2011},
  year={2011}

}

@inproceedings{rouge,
  title={Looking for a few good metrics: ROUGE and its evaluation},
  author={Lin, Chin-Yew and Och, FJ},
  booktitle={Ntcir workshop},
  year={2004}
}